@inproceedings{
    green07,
    author = {Green, Chris},
    title = {Improved Alpha-tested Magnification for Vector Textures and Special Effects},
    booktitle = {ACM SIGGRAPH 2007 Courses},
    series = {SIGGRAPH '07},
    year = {2007},
    isbn = {978-1-4503-1823-5},
    location = {San Diego, California},
    pages = {9--18},
    numpages = {10},
    url = {http://doi.acm.org/10.1145/1281500.1281665},
    doi = {10.1145/1281500.1281665},
    acmid = {1281665},
    publisher = {ACM},
    address = {New York, NY, USA},
}

@inproceedings{
    sen04,
    author = {Sen, Pradeep},
    title = {Silhouette Maps for Improved Texture Magnification},
    booktitle = {Proceedings of the ACM SIGGRAPH/EUROGRAPHICS Conference on Graphics Hardware},
    series = {HWWS '04},
    year = {2004},
    isbn = {3-905673-15-0},
    location = {Grenoble, France},
    pages = {65--73},
    numpages = {9},
    url = {http://doi.acm.org/10.1145/1058129.1058139},
    doi = {10.1145/1058129.1058139},
    acmid = {1058139},
    publisher = {ACM},
    address = {New York, NY, USA},
}

@inproceedings{
    tumblin04,
    author = {Tumblin, Jack and Choudhury, Prasun},
    title = {Bixels: Picture Samples with Sharp Embedded Boundaries},
    booktitle = {Proceedings of the Fifteenth Eurographics Conference on Rendering Techniques},
    series = {EGSR'04},
    year = {2004},
    isbn = {3-905673-12-6},
    location = {Norrk\&\#246;ping, Sweden},
    pages = {255--264},
    numpages = {10},
    url = {http://dx.doi.org/10.2312/EGWR/EGSR04/255-264},
    doi = {10.2312/EGWR/EGSR04/255-264},
    acmid = {2383569},
    publisher = {Eurographics Association},
    address = {Aire-la-Ville, Switzerland, Switzerland},
}

@inproceedings{
    qin06,
    author = {Qin, Zheng and McCool, Michael D. and Kaplan, Craig S.},
    title = {Real-time Texture-mapped Vector Glyphs},
    booktitle = {Proceedings of the 2006 Symposium on Interactive 3D Graphics and Games},
    series = {I3D '06},
    year = {2006},
    isbn = {1-59593-295-X},
    location = {Redwood City, California},
    pages = {125--132},
    numpages = {8},
    url = {http://doi.acm.org/10.1145/1111411.1111433},
    doi = {10.1145/1111411.1111433},
    acmid = {1111433},
    publisher = {ACM},
    address = {New York, NY, USA},
    keywords = {antialiasing, distance function, font rendering, texture mapping, vector graphics},
}

@article{
    nehab08,
    author = {Nehab, Diego and Hoppe, Hugues},
    title = {Random-access Rendering of General Vector Graphics},
    journal = {ACM Trans. Graph.},
    issue_date = {December 2008},
    volume = {27},
    number = {5},
    month = dec,
    year = {2008},
    issn = {0730-0301},
    pages = {135:1--135:10},
    articleno = {135},
    numpages = {10},
    url = {http://doi.acm.org/10.1145/1409060.1409088},
    doi = {10.1145/1409060.1409088},
    acmid = {1409088},
    publisher = {ACM},
    address = {New York, NY, USA},
}

@mastersthesis{
    chlumsky15,
    author = {Viktor Chlumsk√Ω},
    title = {Shape Decomposition for Multi-channel Distance Fields},
    school = {Czech Technical University},
    address = {Prague, Czech Republic},
    year = {2015},
}

@misc{
  patai14,
  author = {Gergely Patai},
  title = {Playing around with distance field font rendering},
  howpublished = {\url{https://lambdacube3d.wordpress.com/2014/11/12/playing-around-with-font-rendering/}},
  note = {Accessed: 2017-12-02}
}